@ARTICLE{Ren2016,

  author={Ren, Lingyun and Wang, Haofei and Naishadham, Krishna and Kilic, Ozlem and Fathy, Aly E.},

  journal={IEEE Transactions on Microwave Theory and Techniques}, 

  title={Phase-Based Methods for Heart Rate Detection Using UWB Impulse Doppler Radar}, 

  year={2016},

  volume={64},

  number={10},

  pages={3319-3331},

  doi={10.1109/TMTT.2016.2597824}}

@ARTICLE{Ren2018,  author={Ren, Lingyun and Tran, Nghia and Foroughian, Farnaz and Naishadham, Krishna and Piou, Jean E. and Kilic, Ozlem and Fathy, Aly E.},  journal={IEEE Transactions on Microwave Theory and Techniques},   title={Short-Time State-Space Method for Micro-Doppler Identification of Walking Subject Using UWB Impulse Doppler Radar},   year={2018},  volume={66},  number={7},  pages={3521-3534},  doi={10.1109/TMTT.2018.2829523}}

@INPROCEEDINGS{morales2018,
  author={Morales, F. R. and Leuschen, C. and Carabajal, C. and Wolf, A. and Garrison, S.},
  booktitle={2018 IEEE Radar Conference (RadarConf18)}, 
  title={Measurements of snow cover using an improved UWB 2â€“18 GHz airborne radar testbed}, 
  year={2018},
  volume={},
  number={},
  pages={1033-1036},
  doi={10.1109/RADAR.2018.8378703}}
@INPROCEEDINGS{savelyev2010,
  author={Savelyev, Timofey and Zhuge, Xiaodong and Yang, Bill and Yarovoy, Alexander and Ligthart, Leo and Drozdov, Michail and Levitas, Boris},
  booktitle={11-th INTERNATIONAL RADAR SYMPOSIUM}, 
  title={Development of UWB microwave array radar for concealed weapon detection}, 
  year={2010},
  volume={},
  number={},
  pages={1-4},
  doi={}}
@INPROCEEDINGS{senapati2021,
  author={Senapati, Himansu Sekhar and Chongder, Prasun and Ajith, Koyadan Koroth and Maiti, Subrata},
  booktitle={2021 Advanced Communication Technologies and Signal Processing (ACTS)}, 
  title={Design Of UWB Bow Tie Antenna For GPR Object Detection}, 
  year={2021},
  volume={},
  number={},
  pages={1-4},
  doi={10.1109/ACTS53447.2021.9708073}}
@INPROCEEDINGS{jalivand2011,
  author={Jalilvand, Malyhe and Pancera, Elena and Li, Xuyang and Zwick, Thomas and Wiesbeck, Werner},
  booktitle={2011 German Microwave Conference}, 
  title={A sparse Synthetic Aperture-based UWB medical imaging system}, 
  year={2011},
  volume={},
  number={},
  pages={1-4},
  doi={}}
@ARTICLE{oloumi2020,
  author={Oloumi, Daniel and Winter, Robert S. C. and Kordzadeh, Atefeh and Boulanger, Pierre and Rambabu, Karumudi},
  journal={IEEE Transactions on Medical Imaging}, 
  title={Microwave Imaging of Breast Tumor Using Time-Domain UWB Circular-SAR Technique}, 
  year={2020},
  volume={39},
  number={4},
  pages={934-943},
  doi={10.1109/TMI.2019.2937762}}
@INPROCEEDINGS{jalivand2011_2,
  author={Jalilvand, M. and Pancera, E. and Li, X. and Zwick, T. and Wiesbeck, W.},
  booktitle={2011 8th European Radar Conference}, 
  title={Hemorrhagic stroke detection via adaptive UWB medical imaging radar}, 
  year={2011},
  volume={},
  number={},
  pages={317-320},
  doi={}}
@INPROCEEDINGS{jaesang2004,
  author={Jaesang Cha and Kyungsup Kwak and Jeongsuk Lee and Chonghyun Lee},
  booktitle={2004 IEEE 59th Vehicular Technology Conference. VTC 2004-Spring (IEEE Cat. No.04CH37514)}, 
  title={Ternary ZCD-UWB communication system having novel interference-cancellation property}, 
  year={2004},
  volume={2},
  number={},
  pages={1205-1208 Vol.2},
  doi={10.1109/VETECS.2004.1389023}}
@INPROCEEDINGS{zhiquan2005,
  author={Zhiquan Bai and Weihua Zhang and Shaoyi Xu and Wei Liu and Kyungsup Kwak},
  booktitle={IEEE International Symposium on Communications and Information Technology, 2005. ISCIT 2005.}, 
  title={On the performance of multiple access DS-BPAM UWB system in data and image transmission}, 
  year={2005},
  volume={2},
  number={},
  pages={851-854},
  doi={10.1109/ISCIT.2005.1567000}}
@ARTICLE{han2005,
  author={Jeongwoo Han and Cam Nguyen},
  journal={IEEE Transactions on Microwave Theory and Techniques}, 
  title={Coupled-slotline-hybrid sampling mixer integrated with step-recovery-diode pulse generator for UWB applications}, 
  year={2005},
  volume={53},
  number={6},
  pages={1875-1882},
  doi={10.1109/TMTT.2005.848091}}
@ARTICLE{lee2001,
  author={Lee, J.S. and Nguyen, C.},
  journal={IEEE Transactions on Microwave Theory and Techniques}, 
  title={A low-cost uniplanar sampling down-converter with internal local oscillator, pulse generator, and IF amplifier}, 
  year={2001},
  volume={49},
  number={2},
  pages={390-392},
  doi={10.1109/22.903104}}
@ARTICLE{han2004,
  author={Jeongwoo Han and Cam Nguyen},
  journal={IEEE Microwave and Wireless Components Letters}, 
  title={Integrated balanced sampling circuit for ultra-wideband communications and radar systems}, 
  year={2004},
  volume={14},
  number={10},
  pages={460-462},
  doi={10.1109/LMWC.2004.834545}}
@ARTICLE{zhang2007,
  author={Zhang, Cemin and Fathy, Aly E. and Mahfouz, Mohamed},
  journal={IEEE Microwave and Wireless Components Letters}, 
  title={Performance Enhancement of a Sub-Sampling Circuit for Ultra-Wideband Signal Processing}, 
  year={2007},
  volume={17},
  number={12},
  pages={873-875},
  doi={10.1109/LMWC.2007.910500}}
@ARTICLE{moll1969,
  author={Moll, J.L. and Hamilton, S.A.},
  journal={Proceedings of the IEEE}, 
  title={Physical modeling of the step recovery diode for pulse and harmonic generation circuits}, 
  year={1969},
  volume={57},
  number={7},
  pages={1250-1259},
  doi={10.1109/PROC.1969.7229}}
@ARTICLE{zhang1996,
  author={Jian Zhang and Raisanen, A.V.},
  journal={IEEE Transactions on Microwave Theory and Techniques}, 
  title={Computer-aided design of step recovery diode frequency multipliers}, 
  year={1996},
  volume={44},
  number={12},
  pages={2612-2616},
  doi={10.1109/22.554611}}
